<record><leader>00000cas a2200000 a 4500</leader><controlfield tag="001">29884445</controlfield><controlfield tag="008">940228d1871188uoruwr ne      0    0eng c</controlfield><datafield ind1=" " ind2=" " tag="010"><subfield code="a">sn 94052321 </subfield></datafield><datafield ind1=" " ind2=" " tag="040"><subfield code="a">CUY</subfield><subfield code="b">eng</subfield><subfield code="c">CNK</subfield><subfield code="d">OCN</subfield><subfield code="d">OCLCQ</subfield><subfield code="d">ORU</subfield><subfield code="d">OCLCF</subfield><subfield code="d">OCLCO</subfield></datafield><datafield ind1="1" ind2=" " tag="029"><subfield code="a">AU@</subfield><subfield code="b">000022412121</subfield></datafield><datafield ind1=" " ind2=" " tag="042"><subfield code="a">pcc</subfield></datafield><datafield ind1=" " ind2=" " tag="043"><subfield code="a">n-us-or</subfield></datafield><datafield ind1="0" ind2=" " tag="130"><subfield code="a">Oregon City enterprise (Oregon City, Or. : 1871)</subfield></datafield><datafield ind1="1" ind2="0" tag="245"><subfield code="a">Oregon City enterprise.</subfield></datafield><datafield ind1="1" ind2="3" tag="246"><subfield code="a">Weekly enterprise</subfield></datafield><datafield ind1="1" ind2="3" tag="246"><subfield code="a">Enterprise</subfield></datafield><datafield ind1=" " ind2=" " tag="260"><subfield code="a">Oregon City, Or. :</subfield><subfield code="b">A. Noltner,</subfield><subfield code="c">1871-</subfield></datafield><datafield ind1=" " ind2=" " tag="300"><subfield code="a">v.</subfield></datafield><datafield ind1=" " ind2=" " tag="310"><subfield code="a">Weekly</subfield></datafield><datafield ind1="0" ind2=" " tag="362"><subfield code="a">Vol. 6, no. 1 (Nov. 10, 1871)-</subfield></datafield><datafield ind1=" " ind2=" " tag="515"><subfield code="a">Some irregularities in numbering.</subfield></datafield><datafield ind1=" " ind2=" " tag="530"><subfield code="a">Also issued on microfilm from University of Oregon.</subfield></datafield><datafield ind1=" " ind2=" " tag="530"><subfield code="a">Archived issues are available in digital format as part of the Historic Oregon Newspaper online collection.</subfield></datafield><datafield ind1=" " ind2="0" tag="651"><subfield code="a">Oregon City (Or.)</subfield><subfield code="v">Newspapers.</subfield></datafield><datafield ind1=" " ind2="0" tag="651"><subfield code="a">Clackamas County (Or.)</subfield><subfield code="v">Newspapers.</subfield></datafield><datafield ind1=" " ind2="7" tag="655"><subfield code="a">Newspapers.</subfield><subfield code="2">fast</subfield><subfield code="0">(OCoLC)fst01423814</subfield></datafield><datafield ind1=" " ind2="7" tag="651"><subfield code="a">Oregon</subfield><subfield code="z">Clackamas County.</subfield><subfield code="2">fast</subfield><subfield code="0">(OCoLC)fst01218420</subfield></datafield><datafield ind1=" " ind2="7" tag="651"><subfield code="a">Oregon</subfield><subfield code="z">Oregon City.</subfield><subfield code="2">fast</subfield><subfield code="0">(OCoLC)fst01221350</subfield></datafield><datafield ind1=" " ind2=" " tag="752"><subfield code="a">United States</subfield><subfield code="b">Oregon</subfield><subfield code="c">Clackamas</subfield><subfield code="d">Oregon City.</subfield></datafield><datafield ind1="0" ind2="0" tag="780"><subfield code="t">Weekly enterprise (Oregon City, Or.)</subfield><subfield code="w">(DLC)sn 85042452</subfield></datafield><datafield ind1="0" ind2="0" tag="785"><subfield code="t">Enterprise (Oregon City, Or.)</subfield><subfield code="w">(DLC)sn 94052322</subfield></datafield><datafield ind1="4" ind2="1" tag="856"><subfield code="u">http://oregonnews.uoregon.edu/lccn/sn94052321/</subfield></datafield><datafield ind1=" " ind2=" " tag="936"><subfield code="a">Vol. 22, no. 6 (Dec. 1, 1887)</subfield></datafield></record>